@article{Caceres2010,
  author = {Cáceres, M. O. and Cáceres-Saez, I.},
  title = {Random Leslie matrices in population dynamics},
  journal = {Journal of Mathematical Biology},
  volume = {63},
  number = {3},
  pages = {519-556},
  year = {2010},
  doi = {10.1007/s00285-010-0378-0}
}

@article{Namba1989,
  author = {K. Namba and S. Minami},
  title = {Dynamics of a semi-dispersing population: A model and experiments with Tribolium},
  journal = {Journal of Theoretical Biology},
  volume = {136},
  number = {4},
  pages = {453-473},
  year = {1989},
  doi = {10.1016/S0022-5193(89)80211-5}
}

@article{Garcia2007,
  author = {Orozco-Fuentes, S. and Garc{\'i}a, P. R.},
  title = {Control of chaos in mechanical systems via adaptive control},
  journal = {Chaos, Solitons \& Fractals},
  volume = {34},
  number = {5},
  pages = {1509-1516},
  year = {2007},
  doi = {10.1016/j.chaos.2007.06.062}
}

@article{Metz2004,
  author = {J. A. J. Metz and S. A. H. Geritz},
  title = {Adaptive dynamics in ecological and epidemiological models: The evolution of critical traits},
  journal = {Theoretical Population Biology},
  volume = {65},
  number = {4},
  pages = {243-264},
  year = {2004},
  doi = {10.1016/j.tpb.2004.06.007}
}
